% $Id$

@Unpublished{Wd14,
  author = 	 {Domski, W.},
  title = 	 {Tytu≈Ç},
  note = 	 {Notatka},
  year = 	 {2014},
}





















